<record><leader>00000cas a2200000 i 4500</leader><controlfield tag="001">906826501</controlfield><controlfield tag="006">m     o  d        </controlfield><controlfield tag="007">cr |||||||||||</controlfield><controlfield tag="008">150408d18401842msuwr neo     0   a0eng  </controlfield><datafield ind1=" " ind2=" " tag="010"><subfield code="a">  2015218672</subfield></datafield><datafield ind1=" " ind2=" " tag="040"><subfield code="a">DLC</subfield><subfield code="b">eng</subfield><subfield code="e">rda</subfield><subfield code="c">DLC</subfield><subfield code="d">DLC</subfield><subfield code="d">OCLCF</subfield></datafield><datafield ind1="0" ind2=" " tag="022"><subfield code="a">2378-3583</subfield><subfield code="2">1</subfield></datafield><datafield ind1=" " ind2=" " tag="042"><subfield code="a">pcc</subfield><subfield code="a">nsdp</subfield></datafield><datafield ind1=" " ind2=" " tag="043"><subfield code="a">n-us-mi</subfield></datafield><datafield ind1="1" ind2="0" tag="050"><subfield code="a">ISSN RECORD</subfield></datafield><datafield ind1="0" ind2="0" tag="082"><subfield code="a">071</subfield><subfield code="2">23</subfield></datafield><datafield ind1=" " ind2="4" tag="222"><subfield code="a">The Yazoo Whig and political register</subfield><subfield code="b">(Online)</subfield></datafield><datafield ind1="0" ind2="4" tag="245"><subfield code="a">The Yazoo Whig and political register.</subfield></datafield><datafield ind1="3" ind2="0" tag="246"><subfield code="a">Yazoo Whig</subfield></datafield><datafield ind1=" " ind2="1" tag="264"><subfield code="a">Yazoo City, MI. [Miss.] :</subfield><subfield code="b">J. A. Stevens,</subfield><subfield code="c">1840-</subfield></datafield><datafield ind1=" " ind2=" " tag="300"><subfield code="a">1 online resource</subfield></datafield><datafield ind1=" " ind2=" " tag="310"><subfield code="a">Weekly</subfield></datafield><datafield ind1=" " ind2=" " tag="336"><subfield code="a">text</subfield><subfield code="b">txt</subfield><subfield code="2">rdacontent</subfield></datafield><datafield ind1=" " ind2=" " tag="337"><subfield code="a">computer</subfield><subfield code="b">c</subfield><subfield code="2">rdamedia</subfield></datafield><datafield ind1=" " ind2=" " tag="338"><subfield code="a">online resource</subfield><subfield code="b">cr</subfield><subfield code="2">rdacarrier</subfield></datafield><datafield ind1="1" ind2=" " tag="362"><subfield code="a">Began with vol. 5, no. 2 (July 10, 1840) whole no. 210; ceased in Dec. 1842.</subfield></datafield><datafield ind1=" " ind2=" " tag="500"><subfield code="a">For a short period published as: Yazoo whig.</subfield></datafield><datafield ind1=" " ind2=" " tag="588"><subfield code="a">Description based on: Vol. 5, no. 2 (July 10, 1840) whole no. 210; title from masthead (Chroniclingamerica.loc.gov, viewed April 8, 2015).</subfield></datafield><datafield ind1=" " ind2=" " tag="588"><subfield code="a">Latest issue consulted: Vol. 7, no. 22 (December 9, 1842) whole no. 325 (Chroniclingamerica.loc.gov, viewed April 8, 2015).</subfield></datafield><datafield ind1=" " ind2="0" tag="651"><subfield code="a">Yazoo City (Miss.)</subfield><subfield code="v">Newspapers.</subfield></datafield><datafield ind1=" " ind2="7" tag="655"><subfield code="a">Newspapers.</subfield><subfield code="2">fast</subfield><subfield code="0">(OCoLC)fst01423814</subfield></datafield><datafield ind1=" " ind2="7" tag="651"><subfield code="a">Mississippi</subfield><subfield code="z">Yazoo City.</subfield><subfield code="2">fast</subfield><subfield code="0">(OCoLC)fst01226271</subfield></datafield><datafield ind1=" " ind2=" " tag="752"><subfield code="a">United States</subfield><subfield code="b">Mississippi</subfield><subfield code="c">Yazoo</subfield><subfield code="d">Yazoo City.</subfield></datafield><datafield ind1="0" ind2="8" tag="776"><subfield code="i">Originally issued in print:</subfield><subfield code="t">Yazoo Whig and political register</subfield><subfield code="x">2378-3575</subfield><subfield code="w">(DLC)sn 87065695</subfield><subfield code="w">(OCoLC)15793562</subfield></datafield><datafield ind1="0" ind2="0" tag="780"><subfield code="t">Yazoo City Whig and political register</subfield><subfield code="x">2378-3540</subfield><subfield code="w">(DLC)  2015218671</subfield><subfield code="w">(OCoLC)906822823</subfield></datafield><datafield ind1="0" ind2="0" tag="785"><subfield code="t">Yazoo City Whig and political register (1842)</subfield><subfield code="x">2378-3613</subfield><subfield code="w">(DLC)  2015218673</subfield><subfield code="w">(OCoLC)906828310</subfield></datafield><datafield ind1="4" ind2="0" tag="856"><subfield code="u">http://www.loc.gov/chroniclingamerica/lccn/sn87065695/issues</subfield></datafield></record>